@booklet{project4,
    author   = "Hjorth-Jensen, Morten",
    title     = "Computational Physics",
    howpublished   = "Project-4",
    year      = "2017",
    url  = {https://github.com/CompPhysics/ComputationalPhysics/blob/master/doc/Projects/2017/Project4/pdf/Project4.pdf}
}

@book{uniphys,
  Author = {Hugh D. Young and Roger A. Freedman and A. Lewis Ford},
  Title = {Sears and Zemansky's University Physics with Modern Physics, 13th Edition},
  Publisher = {Addison-Wesley},
  Year = {2011},
  ISBN = {0321696867},
}

@booklet{compphys,
    author   = "Hjorth-Jensen, Morten",
    title     = "Computational Physics",
    howpublished   = "Lecture notes",
    year      = "2015",
    url  = {https://github.com/CompPhysics/ComputationalPhysics/blob/master/doc/Lectures/lectures2015.pdf}
}

@booklet{onsager,
    author   = "Onsager, Lars",
    title     = "Crystal Statistics. I. A Two-Dimensional Model with an Order-Disorder Transition",
    howpublished   = "Phys. Rev. 65",
    year      = "1944",
    url  = {https://journals.aps.org/pr/abstract/10.1103/PhysRev.65.117}
}






%https://www.jpl.nasa.gov/spaceimages/details.php?id=PIA03153
%https://ssd.jpl.nasa.gov/horizons.cgi#results
%http://compphysics.github.io/ComputationalPhysics/doc/Projects/2017/Project3/pdf/Project3.pdf